@online{image:collector,
	title = {footnote-reference-using-european-system},
	url = {http://tex.stackexchange.com/questions/69716/footnote-reference-using-european-system},
}